@misc{fachschaft,
    author    = {Fachschaft},
    title     = {Good luck with your thesis!},
    year      = {2020},
}

@inproceedings{stenetorp-etal-2012-brat,
    title = "brat: a Web-based Tool for {NLP}-Assisted Text Annotation",
    author = "Stenetorp, Pontus  and
      Pyysalo, Sampo  and
      Topi{\'c}, Goran  and
      Ohta, Tomoko  and
      Ananiadou, Sophia  and
      Tsujii, Jun{'}ichi",
    editor = "Segond, Fr{\'e}d{\'e}rique",
    booktitle = "Proceedings of the Demonstrations at the 13th Conference of the {E}uropean Chapter of the Association for Computational Linguistics",
    month = apr,
    year = "2012",
    address = "Avignon, France",
    publisher = "Association for Computational Linguistics",
    url = "https://aclanthology.org/E12-2021",
    pages = "102--107",
}

@misc{brat-frontend-editor,
  author = {{HÃ©bert-Legault, Renaud}},
  title = {brat-frontend-editor [software]. Github, Version 0.3.36},
  url = {https://github.com/crim-ca/brat-frontend-editor},
  version = {0.3.36},
  year = {2017},
}
